<?xml version="1.0" encoding="utf-8"?>
<record xmlns="http://www.loc.gov/MARC21/slim" xmlns:xsi="http://www.w3.org/2001/XMLSchema-instance" xsi:schemaLocation="http://www.loc.gov/MARC21/slim http://www.loc.gov/standards/marcxml/schema/MARC21slim.xsd">
	<leader>     nam a22     Mi 4500</leader>
	<controlfield tag="001">b12469221</controlfield>
	<controlfield tag="003">UaCaAUL</controlfield>
	<controlfield tag="006">m        d        </controlfield>
	<controlfield tag="007">cr cn |||m|||a</controlfield>
	<controlfield tag="008">200505s1903    ua      o     000 0 ara d</controlfield>
	<datafield ind1=" " ind2=" " tag="040">
		<subfield code="a">ZYU</subfield>
		<subfield code="b">ara</subfield>
		<subfield code="e">rda</subfield>
		<subfield code="c">ZYU</subfield>
	</datafield>
	<datafield ind1=" " ind2=" " tag="066">
		<subfield code="c">(3</subfield>
	</datafield>
	<datafield ind1=" " ind2="4" tag="050">
		<subfield code="a">PJ7750.I28</subfield>
		<subfield code="b">R54 1903</subfield>
	</datafield>
	<datafield ind1="1" ind2=" " tag="100">
		<subfield code="6">880-01</subfield>
		<subfield code="a">Ibn Nubātah, Muḥammad ibn Muḥammad,</subfield>
		<subfield code="d">1287-1366.</subfield>
	</datafield>
	<datafield ind1="1" ind2="0" tag="240">
		<subfield code="6">880-02</subfield>
		<subfield code="a">Sarḥ al-ʻuyūn sharḥ risālat Ibn Zaydūn</subfield>
	</datafield>
	<datafield ind1="1" ind2="0" tag="245">
		<subfield code="6">880-03</subfield>
		<subfield code="a">Kitāb Sarḥ al-ʻuyūn sharḥ Risālat Ibn Zaydūn /</subfield>
		<subfield code="c">taʼlīf al-imām al-awḥad Jamāl al-Dīn Muḥammad ibn Muḥammad Ibn Nubātah al-Miṣrī, al-mutawaffá sanat thamān wa-sittīn wa-subʻumāʼih Hijrīyah raḥimahu Allāh taʻālá. wa-yalīh al-Risālah al-madhkūrah maʻa al-Risālah al-Jiddīyah / li-Ibn Zaydūn ayḍan.</subfield>
	</datafield>
	<datafield ind1="3" ind2=" " tag="246">
		<subfield code="6">880-04</subfield>
		<subfield code="a">Sarḥ al-ʻuyūn sharḥ risālat Ibn Zaydūn</subfield>
	</datafield>
	<datafield ind1=" " ind2=" " tag="250">
		<subfield code="6">880-05</subfield>
		<subfield code="a">al-Ṭabʻah al-rābiʻah.</subfield>
	</datafield>
	<datafield ind1=" " ind2="1" tag="264">
		<subfield code="6">880-06</subfield>
		<subfield code="a">Miṣr :</subfield>
		<subfield code="b">ṭubiʻ bi-Maṭbaʻat al-Mawsūʻāt bi-shāriʻ Bāb al-Khalq bi-Miṣr, li-ṣāḥibihā Ismāʻīl Ḥāfiẓ al-khabīr bi-al-Maḥākim al-Ahlīyah,</subfield>
		<subfield code="c">1321 [1903]</subfield>
	</datafield>
	<datafield ind1=" " ind2=" " tag="300">
		<subfield code="a">online resource (336 pages)</subfield>
	</datafield>
	<datafield ind1=" " ind2=" " tag="336">
		<subfield code="a">text</subfield>
		<subfield code="2">rdacontent</subfield>
	</datafield>
	<datafield ind1=" " ind2=" " tag="337">
		<subfield code="a">computer</subfield>
		<subfield code="2">rdamedia</subfield>
	</datafield>
	<datafield ind1=" " ind2=" " tag="338">
		<subfield code="a">online resource</subfield>
		<subfield code="2">rdacarrier</subfield>
	</datafield>
	<datafield ind1=" " ind2=" " tag="500">
		<subfield code="6">880-07</subfield>
		<subfield code="a">Mabīʻuh bi-Maktabat multazim ṭabʻihi ḥaḍrat al-shaykh Muḥammad ʻAlī al-Milījī al-Kutubī bi-shāriʻ al-Azhar al-Sharīf bi-Miṣr al-Maḥrūsah.</subfield>
	</datafield>
	<datafield ind1=" " ind2=" " tag="500">
		<subfield code="6">880-08</subfield>
		<subfield code="a">Ṭubiʻat ʻalá al-nuskhah al-maṭbūʻah bi-al-Maṭbaʻah al-Amīrīyah bi-Būlāq sanat 1278 H al-muṣaḥḥaḥah bi-qalam al-marḥūm al-ʻallāmah al-shaykh Muḥammad Qiṭṭah al-ʻAdawī.</subfield>
	</datafield>
	<datafield ind1=" " ind2=" " tag="500">
		<subfield code="a">Decorated title page.</subfield>
	</datafield>
	<datafield ind1=" " ind2=" " tag="500">
		<subfield code="a">Part of the Arabic Collections Online (ACO) project, contributed by American University in Cairo Library.</subfield>
	</datafield>
	<datafield ind1=" " ind2=" " tag="533">
		<subfield code="a">Electronic reproduction.</subfield>
		<subfield code="b">New York, N.Y. :</subfield>
		<subfield code="c">New York University,</subfield>
		<subfield code="d">2020.</subfield>
		<subfield code="5">NNU</subfield>
	</datafield>
	<datafield ind1="1" ind2="0" tag="600">
		<subfield code="6">880-09</subfield>
		<subfield code="a">Ibn Zaydūn, Aḥmad ibn ʻAbd Allāh,</subfield>
		<subfield code="d">1003 or 1004-1071.</subfield>
		<subfield code="t">Risālah al-hazlīyah.</subfield>
	</datafield>
	<datafield ind1="1" ind2="0" tag="600">
		<subfield code="6">880-10</subfield>
		<subfield code="a">Ibn Zaydūn, Aḥmad ibn ʻAbd Allāh,</subfield>
		<subfield code="d">1003 or 1004-1071.</subfield>
		<subfield code="t">Risālah al-Jiddīyah.</subfield>
	</datafield>
	<datafield ind1="1" ind2="0" tag="600">
		<subfield code="a">Ibn Zaydūn, Aḥmad ibn ʻAbd Allāh,</subfield>
		<subfield code="d">1003 or 1004-1071</subfield>
		<subfield code="x">Criticism and interpretation.</subfield>
	</datafield>
	<datafield ind1="1" ind2="7" tag="600">
		<subfield code="a">Ibn Zaydūn, Aḥmad ibn ʻAbd Allāh,</subfield>
		<subfield code="d">1003 or 1004-1071.</subfield>
		<subfield code="2">fast</subfield>
		<subfield code="0">(OCoLC)fst01825586</subfield>
	</datafield>
	<datafield ind1=" " ind2="7" tag="655">
		<subfield code="a">Criticism, interpretation, etc.</subfield>
		<subfield code="2">fast</subfield>
		<subfield code="0">(OCoLC)fst01411635</subfield>
	</datafield>
	<datafield ind1="1" ind2="2" tag="700">
		<subfield code="6">880-11</subfield>
		<subfield code="a">Ibn Zaydūn, Aḥmad ibn ʻAbd Allāh,</subfield>
		<subfield code="d">1003 or 1004-1071.</subfield>
		<subfield code="t">Risālah al-jiddīyah.</subfield>
	</datafield>
	<datafield ind1="2" ind2=" " tag="710">
		<subfield code="a">American University in Cairo.</subfield>
		<subfield code="b">Library.</subfield>
	</datafield>
	<datafield ind1="0" ind2=" " tag="730">
		<subfield code="a">Arabic Collections Online.</subfield>
	</datafield>
	<datafield ind1="0" ind2="8" tag="776">
		<subfield code="i">Print version:</subfield>
		<subfield code="a">Ibn Nubātah, Muḥammad ibn Muḥammad, 1287-1366.</subfield>
		<subfield code="t">Kitāb Sarḥ al-ʻuyūn sharḥ Risālat Ibn Zaydūn</subfield>
		<subfield code="w">(UaCaAUL)b12469221</subfield>
		<subfield code="w">(OCoLC)60506413</subfield>
	</datafield>
	<datafield ind1="4" ind2="0" tag="856">
		<subfield code="u">http://hdl.handle.net/2333.1/f4qrftzw</subfield>
	</datafield>
	<datafield ind1="1" ind2=" " tag="880">
		<subfield code="6">100-01</subfield>
		<subfield code="a">إبن نباته، محمد بن محمد،,</subfield>
		<subfield code="d">1366-1287.</subfield>
	</datafield>
	<datafield ind1="1" ind2="0" tag="880">
		<subfield code="6">240-02</subfield>
		<subfield code="a">سرح العيون شرح رسالة إبن زيدون</subfield>
	</datafield>
	<datafield ind1="1" ind2="0" tag="880">
		<subfield code="6">245-03</subfield>
		<subfield code="a">كتاب سرح العيون شرح رسالة ابن زيدون /</subfield>
		<subfield code="c">تأليف الامام الاوحد جمال الدين محمد بن محمد ابن نباتة المصري، المتوفى سنة ثمان وستين وسبعمائه هجرية رحمه الله تعالى. ويليه الرسالة المذكورة مع الرسالة الجدية / لابن زيدون ايضا.</subfield>
	</datafield>
	<datafield ind1="3" ind2=" " tag="880">
		<subfield code="6">246-04</subfield>
		<subfield code="a">سرح العيون شرح رسالة إبن زيدون</subfield>
	</datafield>
	<datafield ind1=" " ind2=" " tag="880">
		<subfield code="6">250-05</subfield>
		<subfield code="a">الطبعة الرابعة.</subfield>
	</datafield>
	<datafield ind1=" " ind2="1" tag="880">
		<subfield code="6">264-06</subfield>
		<subfield code="a">مصر :</subfield>
		<subfield code="b">طبع بمطبعة الموسوعات بشارع باب الخلق بمصر، لصاحبها اسماعيل حافظ الخبير بالمحاكم الاهلية،</subfield>
		<subfield code="c">1321 [1903]</subfield>
	</datafield>
	<datafield ind1=" " ind2=" " tag="880">
		<subfield code="6">500-07</subfield>
		<subfield code="a">مبيعة بمكتبة ملتزم طبعه حضرة الشيخ محمد علي المليجي الكتبي بشارع الأزهر الشريف بمصر المحروسة.</subfield>
	</datafield>
	<datafield ind1=" " ind2=" " tag="880">
		<subfield code="6">500-08</subfield>
		<subfield code="a">طبعت على النسخة المطبوعة بالمطبعة الأميرية ببولاق سنة 1278 ه المصححة بقلم المرحوم العلامة الشيخ محمد قطة العدوي.</subfield>
	</datafield>
	<datafield ind1="1" ind2="0" tag="880">
		<subfield code="6">600-09</subfield>
		<subfield code="a">ابن زيدون، أحمد بن عبد الله،</subfield>
		<subfield code="d">1003 أو 1004-1071.</subfield>
		<subfield code="t">رسالة الهزلية.</subfield>
	</datafield>
	<datafield ind1="1" ind2="0" tag="880">
		<subfield code="6">600-10</subfield>
		<subfield code="a">ابن زيدون، أحمد بن عبد الله،</subfield>
		<subfield code="d">1003 أو 1004-1071.</subfield>
		<subfield code="t">رسالة الجدية.</subfield>
	</datafield>
	<datafield ind1="1" ind2="2" tag="880">
		<subfield code="6">700-11</subfield>
		<subfield code="a">ابن زيدون، احمد بن عبد الله،</subfield>
		<subfield code="d">1003 أو 1004-1071.</subfield>
		<subfield code="t">رسالة الجدية.</subfield>
	</datafield>
	<datafield ind1=" " ind2=" " tag="959">
		<subfield code="a">NNU</subfield>
		<subfield code="b">WEB</subfield>
		<subfield code="c">GENI</subfield>
		<subfield code="t">0</subfield>
		<subfield code="m">Electronic access</subfield>
		<subfield code="s">01</subfield>
	</datafield>
	<datafield ind1=" " ind2=" " tag="999">
		<subfield code="i">UaCaAUL_b12469221</subfield>
		<subfield code="o">(OCoLC)ocm60506413</subfield>
		<subfield code="s">auc_aco001125:</subfield>
	</datafield>
</record>
